<record><leader>00000cas a22000007a 4500</leader><controlfield tag="001">9961208</controlfield><controlfield tag="008">830929d18711872laudn ne      0    0eng  </controlfield><datafield ind1=" " ind2=" " tag="010"><subfield code="a">sn 83016650 </subfield></datafield><datafield ind1=" " ind2=" " tag="040"><subfield code="a">DLC</subfield><subfield code="b">eng</subfield><subfield code="c">DLC</subfield><subfield code="d">NPU</subfield><subfield code="d">DLC</subfield><subfield code="d">LNP</subfield><subfield code="d">YOX</subfield><subfield code="d">MGN</subfield><subfield code="d">OCLCQ</subfield><subfield code="d">OCLCF</subfield><subfield code="d">OCLCO</subfield><subfield code="d">DLC</subfield><subfield code="d">OCLCA</subfield></datafield><datafield ind1=" " ind2=" " tag="042"><subfield code="a">msc</subfield></datafield><datafield ind1="0" ind2="0" tag="050"><subfield code="a">Newspaper 7985</subfield></datafield><datafield ind1="0" ind2=" " tag="130"><subfield code="a">National republican (New Orleans, La. : 1871)</subfield></datafield><datafield ind1="0" ind2="4" tag="245"><subfield code="a">The national republican.</subfield></datafield><datafield ind1="1" ind2="3" tag="246"><subfield code="a">National republican and citizens' guard</subfield></datafield><datafield ind1=" " ind2=" " tag="260"><subfield code="a">New Orleans [La.] :</subfield><subfield code="b">Republican Party of the State of La.,</subfield><subfield code="c">1871-1872.</subfield></datafield><datafield ind1=" " ind2=" " tag="300"><subfield code="a">v. ;</subfield><subfield code="c">56 cm.</subfield></datafield><datafield ind1=" " ind2=" " tag="310"><subfield code="a">Daily (except Mon.)</subfield><subfield code="b">Dec. 17, 1871-1872</subfield></datafield><datafield ind1=" " ind2=" " tag="321"><subfield code="a">Daily (except Sun.)</subfield><subfield code="b">Nov. 6-Dec. 16, 1871</subfield></datafield><datafield ind1="0" ind2=" " tag="362"><subfield code="a">Vol. 1, no. 1 (Nov. 6, 1871)-v. 2, no. 351 (Dec. 22, 1872).</subfield></datafield><datafield ind1=" " ind2="0" tag="651"><subfield code="a">New Orleans (La.)</subfield><subfield code="v">Newspapers.</subfield></datafield><datafield ind1=" " ind2="7" tag="651"><subfield code="a">Louisiana</subfield><subfield code="z">New Orleans.</subfield><subfield code="2">fast</subfield><subfield code="0">(OCoLC)fst01204311</subfield></datafield><datafield ind1=" " ind2="7" tag="655"><subfield code="a">Newspapers.</subfield><subfield code="2">fast</subfield><subfield code="0">(OCoLC)fst01423814</subfield></datafield><datafield ind1="2" ind2=" " tag="710"><subfield code="a">Republican Party of the State of Louisiana.</subfield></datafield><datafield ind1=" " ind2=" " tag="752"><subfield code="a">United States</subfield><subfield code="b">Louisiana</subfield><subfield code="c">Orleans</subfield><subfield code="d">New Orleans.</subfield></datafield><datafield ind1="0" ind2=" " tag="775"><subfield code="t">Weekly national republican (New Orleans, La.)</subfield><subfield code="w">(DLC)sn 89059395</subfield></datafield><datafield ind1="0" ind2="5" tag="780"><subfield code="t">Citizens' guard</subfield><subfield code="w">(DLC)sn 83026390</subfield></datafield><datafield ind1="0" ind2="4" tag="785"><subfield code="t">New Orleans republican (New Orleans, La. : 1867)</subfield><subfield code="x">2377-8237</subfield><subfield code="w">(DLC)sn 83016555</subfield><subfield code="w">(OCoLC)2264896</subfield></datafield></record>